@misc{gutmann,
  author = "Peter Gutmann",
  title = "Engineering Security---Book Draft",
  journal = "https://www.cs.auckland.ac.nz/~pgut001/pubs/book.pdf",
  note = "[letzter Zugriff: 10.Jul.2014]"
}

@misc{wikiciting,
  author = "Wikipedia",
  title = "Citing Wikipedia, the free encyclopedia.",
  journal = "\url{http://en.wikipedia.org/wiki/Wikipedia:Citing\_sources}",
  note = "[letzter Zugriff: 28.Nov.2010]"
}

@misc{texlive,
  title = "{TeX Live}: Comprehensive {T}e{X} system with binaries for most 
           flavors of {U}nix, including {GNU}/{L}inux, and also {W}indows",
  key = "texlive",
  howpublished = "\url{http://tug.org/texlive/}",
  note = "[letzter Zugriff: 28.Nov.2010]"
}

@misc{dante,
  title = "dante: {D}eutschsprachige {A}nwendervereinigung {T}e{X} e.{V}.",
  key = "dante",
  howpublished = "\url{http://www.dante.de/}", 
  note = "[letzter Zugriff: 28.Nov.2010]"
}

@misc{tug,
  title = "{TUG}: {T}ex {U}ser {G}roup",
  key = "tug",
  howpublished = "\url{http://tug.org/}",
  note = "[letzter Zugriff: 28.Nov.2010]"
}

@misc{miktex,
  title = "{MiKTeX}: Typesetting beautiful documents",
  key = "miktex",
  howpublished = "\url{http://miktex.org/}",
  note = "[letzter Zugriff: 28.Nov.2010]"
}

@misc{ctan,
  title = "{CTAN}: the {C}omprehensive {T}e{X} {A}rchive {N}etwork",
  key = "ctan",
  howpublished = "\url{http://www.ctan.org/}",
  note = "[letzter Zugriff: 28.Nov.2010]"
}

@misc{emacs,
  title = "Emacs",
  key = "emacs",
  howpublished = "\url{http://www.gnu.org/software/emacs/}",
  note = "[letzter Zugriff: 28.Nov.2010]"
}

@misc{auctex,
  title = "{AUCTeX}",
  key = "auctex",
  howpublished = "\url{http://www.gnu.org/software/auctex/}",
  note = "[letzter Zugriff: 28.Nov.2010]"
}

@misc{texmaker,
  title = "Texmaker",
  key = "texmaker",
  howpublished = "\url{http://www.xm1math.net/texmaker/}",
  note = "[letzter Zugriff: 28.Nov.2010]"
}

@misc{libreoffice,
  title = "LibreOffice",
  key = "libreoffice",
  howpublished = "\url{http://www.libreoffice.org/}",
  note = "[letzter Zugriff: 20.Feb.2013]"
}

@misc{dia,
  title = "Dia",
  key = "dia",
  howpublished = "\url{http://live.gnome.org/Dia/}",
  note = "[letzter Zugriff: 28.Nov.2010]"
}

@misc{tikz,
  title = "{TikZ}",
  key = "tikz",
  howpublished = "\url{http://sourceforge.net/projects/pgf/}",
  note = "[letzter Zugriff: 13.Jun.2011]"
}

@misc{tikzautomata,
  title = "{TeXample.net, TikZ automata}",
  key = "automata",
  howpublished = "\url{http://www.texample.net/tikz/examples/automata/}",
  note = "[letzter Zugriff: 13.Jun.2011]"
}

@misc{acm,
  title = "{ACM, Digital Library}",
  key = "ACM",
  howpublished = "\url{http://portal.acm.org/dl.cfm}",
  note = "[letzter Zugriff: 13.Jun.2011]"
}

@misc{ieee,
  title = "{IEEE Xplore, Digital Library}",
  key = "IEEE",
  howpublished = "\url{http://ieeexplore.ieee.org/Xplore/dynhome.jsp}",
  note = "[letzter Zugriff: 13.Jun.2011]"
}

@misc{gnulogo,
  title = "{The GNU Logo.png}", 
  key = "IEEE",
  howpublished = "\url{http://en.wikipedia.org/wiki/File:The_GNU_logo.png}",
  note = "[letzter Zugriff: 26.Jul.2011], unter Free Art Licence"
}

@misc{fal,
  title = "{Free Art Licence}",
  key = "licence",
  howpublished = "\url{http://artlibre.org/licence/lal/en}",
  note = "[letzter Zugriff: 26.Jul.2011]"
}